<?xml version="1.0" encoding="UTF-8"?><collection xmlns="http://www.loc.gov/MARC21/slim"><record><leader>00368nam--2200133-i-4500</leader><controlfield tag="001">000022873</controlfield><controlfield tag="002">20161230</controlfield><controlfield tag="005">20161230201034</controlfield><controlfield tag="008">060222s1000------------r-----000-0-eng-d</controlfield><datafield ind1=" " ind2=" " tag="080"><subfield code="a">543.422.2</subfield></datafield><datafield ind1=" " ind2=" " tag="100"><subfield code="a">Hedvig, P. And Zentai, G</subfield></datafield><datafield ind1=" " ind2=" " tag="245"><subfield code="a">Microwave study of chemical structures and reactions</subfield></datafield><datafield ind1=" " ind2=" " tag="260"><subfield code="a">Budapest, Akademiai Kiado, 1969, 445p</subfield></datafield><datafield ind1=" " ind2=" " tag="700"><subfield code="a">Morgan, E.D.</subfield></datafield></record></collection>